@book{Garnett,
  author    = {John B. Garnett},
  title     = {Bounded Analytic Functions},
  series    = {Graduate Texts in Mathematics},
  volume    = {236},
  edition   = {Revised 1st},
  publisher = {Springer},
  year      = {2007}
}

@book{RosenblumRovnyak,
  author    = {Marvin Rosenblum and James Rovnyak},
  title     = {Hardy Classes and Operator Theory},
  series    = {Oxford Mathematical Monographs},
  publisher = {Oxford University Press},
  address   = {New York},
  year      = {1985}
}

@book{deBrangesRovnyak,
  author    = {Louis de Branges and James Rovnyak},
  title     = {Square Summable Power Series},
  publisher = {Holt, Rinehart and Winston},
  address   = {New York},
  year      = {1966}
}

@book{DymGohberg,
  author    = {Harry Dym and Israel Gohberg},
  title     = {Extensions of Linear Operators and Related Topics},
  publisher = {Birkh{"a}user},
  address   = {Basel},
  year      = {1980}
}

@book{SzNagyFoias,
  author    = {B{\'e}la Sz.-Nagy and Ciprian Foia{\c{s}}},
  title     = {Harmonic Analysis of Operators on Hilbert Space},
  publisher = {North-Holland},
  address   = {Amsterdam},
  year      = {1970}
}

@book{WalshApprox,
  author    = {J. L. Walsh},
  title     = {Interpolation and Approximation by Rational Functions in the Complex Domain},
  series    = {Colloquium Publications},
  volume    = {20},
  edition   = {5th},
  publisher = {American Mathematical Society},
  year      = {1965}
}

@book{SaffTotik,
  author    = {Edward B. Saff and Vilmos Totik},
  title     = {Logarithmic Potentials with External Fields},
  series    = {Grundlehren der Mathematischen Wissenschaften},
  volume    = {316},
  publisher = {Springer},
  year      = {1997}
}

@book{TitchmarshZeta,
  author    = {E. C. Titchmarsh},
  title     = {The Theory of the Riemann Zeta-Function},
  edition   = {2nd},
  publisher = {Oxford University Press},
  year      = {1986},
  note      = {Revised by D. R. Heath-Brown}
}

@book{SimonTraceIdeals,
  author    = {Barry Simon},
  title     = {Trace Ideals and Their Applications},
  series    = {Mathematical Surveys and Monographs},
  volume    = {120},
  publisher = {American Mathematical Society},
  year      = {2005}
}

@book{Edwards,
  author    = {Harold M. Edwards},
  title     = {Riemann's Zeta Function},
  publisher = {Dover Publications},
  year      = {2001},
  note      = {Originally published by Academic Press, 1974}
}

@book{IwaniecKowalski,
  author    = {Henryk Iwaniec and Emmanuel Kowalski},
  title     = {Analytic Number Theory},
  series    = {Colloquium Publications},
  volume    = {53},
  publisher = {American Mathematical Society},
  year      = {2004}
}
