@book{SimonTraceIdeals,
  author    = {Barry Simon},
  title     = {Trace Ideals and Their Applications},
  publisher = {American Mathematical Society},
  series    = {Mathematical Surveys and Monographs},
  volume    = {120},
  edition   = {Second},
  year      = {2005}
}

@book{deBrangesRovnyak,
  author    = {Louis de Branges and James Rovnyak},
  title     = {Square Summable Power Series},
  publisher = {Holt, Rinehart and Winston},
  year      = {1966}
}

@book{DymGohberg,
  author    = {Harry Dym and Israel Gohberg},
  title     = {Topics in Operator Theory: Volume 1: Operators, Matrices and Analytic Functions},
  publisher = {Birkh{"a}user},
  year      = {1981}
}

@book{SzNagyFoias,
  author    = {B{\'e}la Sz.-Nagy and Ciprian Foia{\c{s}}},
  title     = {Harmonic Analysis of Operators on Hilbert Space},
  publisher = {North-Holland},
  year      = {1970}
}

@book{Garnett,
  author    = {John B. Garnett},
  title     = {Bounded Analytic Functions},
  publisher = {Academic Press},
  year      = {1981}
}

@book{RosenblumRovnyak,
  author    = {Marvin Rosenblum and James Rovnyak},
  title     = {Hardy Classes and Operator Theory},
  publisher = {Oxford University Press},
  year      = {1985}
}

@book{TitchmarshZeta,
  author    = {E. C. Titchmarsh},
  title     = {The Theory of the Riemann Zeta-Function},
  edition   = {2nd},
  publisher = {Oxford University Press},
  year      = {1986},
  note      = {Revised by D. R. Heath-Brown}
}

@book{DurenHp,
  author    = {Peter L. Duren},
  title     = {Theory of $H^p$ Spaces},
  publisher = {Academic Press},
  year      = {1970}
}

@book{Hoffman,
  author    = {Kenneth Hoffman},
  title     = {Banach Spaces of Analytic Functions},
  publisher = {Prentice-Hall},
  year      = {1962}
}

@book{WalshApprox,
  author    = {J. L. Walsh},
  title     = {Interpolation and Approximation by Rational Functions in the Complex Domain},
  edition   = {5th},
  publisher = {American Mathematical Society},
  series    = {Colloquium Publications},
  volume    = {20},
  year      = {1969}
}

@book{SaffTotik,
  author    = {Edward B. Saff and Vilmos Totik},
  title     = {Logarithmic Potentials with External Fields},
  publisher = {Springer},
  series    = {Grundlehren der Mathematischen Wissenschaften},
  volume    = {316},
  year      = {1997}
}

@book{Edwards,
  author    = {H. M. Edwards},
  title     = {Riemann's Zeta Function},
  series    = {Dover Books on Mathematics},
  publisher = {Dover},
  year      = {2001},
  note      = {Originally Springer GTM 58 (1974)}
}

@book{IwaniecKowalski,
  author    = {Henryk Iwaniec and Emmanuel Kowalski},
  title     = {Analytic Number Theory},
  series    = {American Mathematical Society Colloquium Publications},
  volume    = {53},
  publisher = {AMS},
  year      = {2004}
}
